@incollection{Bengio+chapter2007,
author = {Bengio, Yoshua and LeCun, Yann},
booktitle = {Large Scale Kernel Machines},
publisher = {MIT Press},
title = {Scaling Learning Algorithms Towards {AI}},
year = {2007}
}

@article{Hinton06,
author = {Hinton, Geoffrey E. and Osindero, Simon and Teh, Yee Whye},
journal = {Neural Computation},
pages = {1527--1554},
title = {A Fast Learning Algorithm for Deep Belief Nets},
volume = {18},
year = {2006}
}

@inproceedings{kulkarni2016hierarchical,
  title={Hierarchical deep reinforcement learning: Integrating temporal abstraction and intrinsic motivation},
  author={Kulkarni, Tejas D and Narasimhan, Karthik and Saeedi, Ardavan and Tenenbaum, Josh},
  booktitle={Advances in neural information processing systems},
  pages={3675--3683},
  year={2016}
}

@misc{1312.5602,
Author = {Volodymyr Mnih and Koray Kavukcuoglu and David Silver and Alex Graves and Ioannis Antonoglou and Daan Wierstra and Martin Riedmiller},
Title = {Playing Atari with Deep Reinforcement Learning},
Year = {2013},
Eprint = {arXiv:1312.5602},
}
@misc{1511.05952,
Author = {Tom Schaul and John Quan and Ioannis Antonoglou and David Silver},
Title = {Prioritized Experience Replay},
Year = {2015},
Eprint = {arXiv:1511.05952},
}
@misc{1409.1556,
Author = {Karen Simonyan and Andrew Zisserman},
Title = {Very Deep Convolutional Networks for Large-Scale Image Recognition},
Year = {2014},
Eprint = {arXiv:1409.1556},
}
@misc{1508.06576,
Author = {Leon A. Gatys and Alexander S. Ecker and Matthias Bethge},
Title = {A Neural Algorithm of Artistic Style},
Year = {2015},
Eprint = {arXiv:1508.06576},
}
@misc{1406.2661,
Author = {Ian J. Goodfellow and Jean Pouget-Abadie and Mehdi Mirza and Bing Xu and David Warde-Farley and Sherjil Ozair and Aaron Courville and Yoshua Bengio},
Title = {Generative Adversarial Networks},
Year = {2014},
Eprint = {arXiv:1406.2661},
}
@misc{1603.08155,
Author = {Justin Johnson and Alexandre Alahi and Li Fei-Fei},
Title = {Perceptual Losses for Real-Time Style Transfer and Super-Resolution},
Year = {2016},
Eprint = {arXiv:1603.08155},
}